@BOOK{Lamport86,
TITLE = "{LaTeX} --- a document preparation system --- user's guide
and reference manual",
AUTHOR = "Lamport, L.",
PUBLISHER = "Addison-Wesley",
YEAR = "1986"}

@REPORT{Moore95,
TITLE = "How to prepare a dissertation in LaTeX",
AUTHOR = "Moore, S.W.",
YEAR = "1995"}

@article{Turner91,
title = "Proportion and Form in the Continental Isorhythmic Motet c. 1385-1450.",
author = "Charles Turner",
publisher = "Music Analysis",
volume = "10",
year = "1991",
pages = {89â€“124}
}

@article{Bent01,
TITLE = "Isorhythm",
AUTHOR = "Bent, M.",
PUBLISHER = "Grove Music Online",
YEAR = "2001"
}

@misc{ReichProverb,
  author = {Steve Reich},
  note = {Last accessed 16 April 2023, \url{https://stevereich.com/composition/proverb/}}
}

@article{Hauser02,
author = {Marc D. Hauser  and Noam Chomsky  and W. Tecumseh Fitch},
title = {The Faculty of Language: What Is It, Who Has It, and How Did It Evolve?},
journal = {Science},
volume = {298},
number = {5598},
pages = {1569-1579},
year = {2002},
doi = {10.1126/science.298.5598.1569},
URL = {https://www.science.org/doi/abs/10.1126/science.298.5598.1569}}

@misc{Transport,
author = {Unknown (Tone.js contributors)},
note = {Last accessed 05 May 2023, \url{https://tonejs.github.io/docs/14.7.77/Transport}}
}

@article{Balyan13,
author = {Archana Balyan, S. S. Agrawal, Amita Dev},
title = {Speech Synthesis: A Review},
journal = {International Journal of Engineering Research I\& Technology},
volume = {2},
number = {6},
pages = {59-63},
year = {2013}
}

@inproceedings{Huot15,
  title={What does 'evaluation' mean for the nime community?},
  author={Jer{\^o}nimo Barbosa and Joseph W. Malloch and Marcelo M. Wanderley and St{\'e}phane Huot},
  booktitle={New Interfaces for Musical Expression},
  year={2015},
  pages = {158-159}
}

@article{Likert32,
title = {A Technique for the Measurement of Attitudes},
author = {Rensis Likert},
journal = {Archives of Psychology},
volume = {22},
number = {140},
year = {1932}
}

@misc{NIME,
title = {The International Conference on New Interfaces for Musical Expression},
note = {Last accessed in May 2023, \url{https://www.nime.org/}}
}

@article{Green89,
  title={Cognitive dimensions of notations},
  author={Green, Thomas RG},
  journal={People and computers V},
  pages={443--460},
  year={1989}
}


@inproceedings{Pardue22,
	author = {Pardue, Laurel and Bin, S. M. Astrid},
	booktitle = {NIME 2022},
	year = {2022},
	month = {jun 16},
	note = {\url{https://nime.pubpub.org/pub/wkeb4nv4}},
	organization = {},
	title = {The {Other} {Hegemony}: Effects of software development culture on music software, and what we can do about it},
}


@inproceedings{Dal22,
	author = {Dal R{\` i}, Francesco Ardan and Masu, Raul},
	booktitle = {NIME 2022},
	year = {2022},
	month = {jun 9},
	note = {\url{https://nime.pubpub.org/pub/ex3udgld}},
	organization = {},
	title = {Exploring {Musical} {Form}: Digital {Scores} to {Support} {Live} {Coding} {Practice}},
}


@inproceedings{Frid21,
	author = {Frid, Emma and Ilsar, Alon},
	booktitle = {NIME 2021},
	year = {2021},
	month = {apr 29},
	note = {\url{https://nime.pubpub.org/pub/reimaginingadmis}},
	organization = {},
	title = {Reimagining ({Accessible}) {Digital} {Musical} {Instruments}: A {Survey} on {Electronic} {Music}-{Making} {Tools}},
}


@inproceedings{West21,
	author = {West, Travis and Caramiaux, Baptiste and Huot, St{\' e}phane and Wanderley, Marcelo M.},
	booktitle = {NIME 2021},
	year = {2021},
	month = {may 3},
	note = {\url{https://nime.pubpub.org/pub/f1ueovwv}},
	organization = {},
	title = {Making {Mappings}: Design {Criteria} for {Live} {Performance}},
}